@inproceedings{zaharia2012resilient,
  title={{Resilient Distributed Datasets: A Fault-tolerant Abstraction for In-memory Cluster Computing}},
  author={Matei Zaharia and Mosharaf Chowdhury and Tathagata Das and Ankur Dave and Justin Ma and Murphy McCauley and Michael J. Franklin and Scott Shenker and Ion Stoica},
  booktitle={Proceedings of the 9th USENIX conference on Networked Systems Design and Implementation},
  pages={2--2},
  year={2012}
}

@article{hueske2012opening,
  title={{Opening the Black Boxes in Data Flow Optimization}},
  author={Fabian Hueske and Mathias Peters and Matthias J. Sax and Astrid Rheinlander and Rico Bergmann and Aljoscha Krettek and Kostas Tzoumas},
  journal={Proceedings of the VLDB Endowment},
  volume={5},
  number={11},
  pages={1256--1267},
  year={2012},
  publisher={VLDB Endowment}
}

@inproceedings{vavilapalli2013apache,
  title={{Apache Hadoop YARN: Yet Another Resource Negotiator}},
  author={Vinod Kumar Vavilapalli and Arun C Murthy and Chris Douglas and Sharad Agarwal and Mahadev Konar and Robert Evans and Thomas Graves and Jason Lowe and Hitesh Shah and Siddharth Seth and Bikas Saha and Carlo Curino and Owen Oâ€™Malley and Sanjay Radia and Benjamin Reed and Eric Baldeschwieler},
  booktitle={Proceedings of the 4th annual Symposium on Cloud Computing},
  pages={5},
  year={2013}
}

@misc{www:alluxio,
  title		= {{Alluxio: An In-memory Distributed Storage System}},
  howpublished	= {\url{http://alluxio.org}}
}

@inproceedings{li2014tachyon,
  title={{Tachyon: Reliable, Memory Speed Storage for Cluster Computing Frameworks}},
  author={Haoyuan Li and Ali Ghodsi and Matei Zaharia and Scott Shenker and Ion Stoica},
  booktitle={Proceedings of the ACM Symposium on Cloud Computing},
  pages={1--15},
  year={2014}
}

@misc{www:tungsten,
  title = {{Project Tungsten}},
  howpublished = {\url{http://tinyurl.com/mzw7hew}}
}

@inproceedings{fang2015interruptible,
  title={{Interruptible Tasks: Treating Memory Pressure As Interrupts for Highly Scalable Data-parallel Programs}},
  author={Lu Fang and Khanh Nguyen and Guoqing Xu and Brian Demsky and Shan Lu},
  booktitle={Proceedings of the 25th Symposium on Operating Systems Principles},
  pages={394--409},
  year={2015}
}

@inproceedings{nguyen2015facade,
  title={{Facade: A Compiler and Runtime for (Almost) Object-Bounded Big Data Applications}},
  author={Khanh Nguyen and Kai Wang and Yingyi Bu and Lu Fang and Jianfei Hu and Guoqing Xu},
  booktitle={Proceedings of the Twentieth International Conference on Architectural Support for Programming Languages and Operating Systems},
  pages={675--690},
  year={2015}
}

@inproceedings{gog2015broom,
  title={{Broom: Sweeping out Garbage Collection from Big Data Systems}},
  author={Ionel Gog and Jana Giceva and Malte Schwarzkopf and Kapil Vaswani and Dimitrios Vytiniotis and Ganesan Ramalingan and Manuel Costa and Derek Murray and Steven Hand and Michael Isard},
  booktitle={15th Workshop on Hot Topics in Operating Systems (HotOS XV)},
  year={2015}
}

@inproceedings{armbrust2015spark,
  title={{Spark SQL: Relational Data Processing in Spark}},
  author={Michael Armbrust and Reynold S. Xin and Cheng Lian and Yin Huai and Davies Liu and Joseph K. Bradley and Xiangrui Meng and Tomer Kaftan and Michael J. Franklin and Ali Ghodsi and Matei Zaharia},
  booktitle={Proceedings of the 2015 ACM SIGMOD International Conference on Management of Data},
  pages={1383--1394},
  year={2015}
}

@article{armbrust2011piql,
  title={{PIQL: Success-Tolerant Query Processing in the Cloud}},
  author={Michael Armbrust and Kristal Curtis and Tim Kraska and Armando Fox and Michael J. Franklin and David A. Patterson},
  journal={Proceedings of the VLDB Endowment},
  volume={5},
  number={3},
  pages={181--192},
  year={2011},
  publisher={VLDB Endowment}
}

@inproceedings{pu2016fairride,
  title={{FairRide: Near-Optimal, Fair Cache Sharing}},
  author={Qifan Pu and Haoyuan Li and Matei Zaharia and Ali Ghodsi and Ion Stoica},
  booktitle={13th USENIX Symposium on Networked Systems Design and Implementation (NSDI 16)},
  pages={393--406},
  year={2016}
}

@inproceedings{li2011platform,
  title={{A Platform for Scalable One-Pass Analytics Using MapReduce}},
  author={Boduo Li and Edward Mazur and Yanlei Diao and Andrew McGregor and Prashant Shenoy},
  booktitle={Proceedings of the 2011 ACM SIGMOD International Conference on Management of data},
  pages={985--996},
  year={2011}
}

@inproceedings{jeong2015elastic,
  title={{Elastic Memory: Bring Elasticity Back To In-Memory Big Data Analytics}},
  author={Joo Seong Jeong and Woo-Yeon Lee and Yunseong Lee and Youngseok Yang and Brian Cho and Byung-Gon Chun},
  booktitle={15th Workshop on Hot Topics in Operating Systems (HotOS XV)},
  year={2015}
}

@inproceedings{nguyen2015speculative,
  title={{Speculative Region-Based Memory Management for Big Data Systems}},
  author={Khanh Nguyen and Lu Fang and Guoqing Xu and Brian Demsky},
  booktitle={Proceedings of the 8th Workshop on Programming Languages and Operating Systems},
  pages={27--32},
  year={2015}
}

@inproceedings{ren2015hopper,
  title={{Hopper: Decentralized Speculation-aware Cluster Scheduling at Scale}},
  author={Xiaoqi Ren and Ganesh Ananthanarayanan and Adam Wierman and Minlan Yu},
  booktitle={Proceedings of the 2015 ACM Conference on Special Interest Group on Data Communication},
  pages={379--392},
  year={2015}
}

@article{dean2008mapreduce,
  title={{MapReduce: Simplified Data Processing on Large Clusters}},
  author={Jeffrey Dean and Sanjay Ghemawat},
  journal={Communications of the ACM},
  volume={51},
  number={1},
  pages={107--113},
  year={2008}
}

@inproceedings{isard2007dryad,
  title={{Dryad: Distributed Data-Parallel Programs from Sequential Building Blocks}},
  author={Michael Isard and Mihai Budiu and Yuan Yu and Andrew Birrell and Dennis Fetterly},
  booktitle={ACM SIGOPS Operating Systems Review},
  volume={41},
  number={3},
  pages={59--72},
  year={2007}
}

@misc{www:flink,
  title = {{The Flink Project}},
  howpublished = {\url{https://flink.apache.org/}}
}

@misc{www:gelly,
  title = {{Gelly: Graph Processing with Apache Flink}},
  howpublished = {\url{https://flink.apache.org}}
}

@misc{www:livejournal,
  title = {{Stanford: LiveJournal}},
  howpublished = {\url{https://snap.stanford.edu/data/soc-LiveJournal1.html}}
}

@inproceedings{xin2013graphx,
  title={{Graphx: A Resilient Distributed Graph System on Spark}},
  author={Reynold S. Xin and Joseph E. Gonzalez and Michael J. Franklin and Ion Stoica},
  booktitle={First International Workshop on Graph Data Management Experiences and Systems},
  pages={2},
  year={2013}
}

@inproceedings{boldi:webgraph,
  author = {Paolo Boldi and Sebastiano Vigna},
  title = {{The WebGraph Framework I: Compression Techniques}},
  booktitle = "WWW",
  year = 2004
}

@misc{www:hibench,
  title = {{HiBench Suite}},
  howpublished = {\url{http://tinyurl.com/cns79vt}}
}

@misc{www:cassandra,
  title = {{Cassandra GC tuning}},
  howpublished = {\url{http://tinyurl.com/5u58mzc}}
}

@misc{www:spark-tuning,
  title = {{Spark GC tuning}},
  howpublished = {\url{http://tinyurl.com/hzf3gqm}}
}

@inproceedings{yang:fullgc,
  author = {Yang Yu and Tianyang Lei and Wehua Zhang and Haibo Chen and Binyu Zang},
  title = {{Performance Analysis and Optimization of Full Garbage Collection in Memory-hungry Environments}},
  booktitle = {VEE},
  year = {2016},
  pages = {123-130}
}


@inproceedings{lulu:deca,
  author = {Lu Lu and Xuanhua Shi and Yongluan Zhou and Xiong Zhang and Hai Jin and Cheng Pei and Ligang He and Yuanzhen Geng},
  title = {{Lifetime-Based Memory Management for Distributed Data Processing Systems}},
  booktitle = {Proceedings of the VLDB Endowment (PVLDB)},
  year = {2016},
  pages = {936-947}
}

@inproceedings{rodigo:NGeneration,
  author = {Rodrigo Bruno and Paulo Ferreira},
  title = {{NG2C: N-Generational Garbage Collector for Big Data Memory Management}},
  booktitle = {CLOUDDP},
  year = {2016}
}

@article{tofte:region,
  author  = {Mads Tofte and Jean-Pierre Talpin}, 
  title   = {{Region-based Memory Management}},
  journal = {Information and Computation},
  year    = {1997},
  pages   = {109-176}
}

@inproceedings{bu:bloat,
  author    = {Yingyi Bu and Vinayak Borkar and Guoqing Xu and Michael J. Carey},
  title     = {{A Bloat-Aware Design for Big Data Applications}},
  booktitle = {ACM SIGPLAN Notices},
  volume={48},
  number={11},
  pages={119--130},
  year={2013}
}

@inproceedings{matei:heter,
  author    = {Matei Zaharia and Andy Konwinski and Anthony D. Joseph and Randy Katz and Ion Stoica},
  title     = {{Improving MapReduce Performance in Heterogeneous Environments}},
  booktitle={Symposium on Operating Systems Design and Implementation},
  volume={8},
  number={4},
  pages={7},
  year={2008}
}

@misc{www:jobserver,
  title = {{Spark Job Server}},
  howpublished = {\url{https://github.com/spark-jobserver/spark-jobserver}}
}

@inproceedings{flumejava,
  title={{FlumeJava: Easy, Efficient Data-Parallel Pipelines}},
  author={Craig Chambers and Ashish Raniwala and Frances Perry and Stephen Adams and Robert R. Henry and Robert Bradshaw and Nathan Weizenbaum},
  booktitle={PLDI},
  pages={363--375},
  year={2010}
}

@article{shi:mammoth,
  title={{Mammoth: Gearing Hadoop Towards Memory-Intensive MapReduce Applications}},
  author={Xuanhua Shi and Ming Chen and Ligang He and Xu Xie and Lu Lu and Hai Jin and Yong Chen and Song Wu},
  journal={IEEE Transactions on Parallel and Distributed Systems},
  volume={26},
  number={8},
  pages={2300--2315},
  year={2015}
}

@inproceedings{ashish:hive,
  title = {{Hive: A Warehousing Solution over a Map-Reduce Framework}},
  author = {Ashish Thusoo and Joydeep Sen Sarma and Namit Jain and Zheng Shao and Prasad Chakka and Suresh Anthony and Hao Liu and Pete Wyckoff and Raghotham Murthy},
  booktitle={Proceedings of the VLDB Endowment},
  volume={2},
  number={2},
  pages={1626--1629},
  year={2009}
}

@inproceedings{nguyen:yak,
  title = {{Yak: A High-Performance Big-Data-Friendly Garbage Collector}},
  author = {Khanh Nguyen and Lu Fang and Guoqing Xu and Brian Demsky and Shan Lu and Sanazsadat Alamian and Onur Mutlu},
  booktitle={The 12th USENIX Conference on Operating Systems Design and Implementation},
  year={2016}
}
